%peg in hole 

%model misalignment situation
@inproceedings{bruyninckx1995peg,
  title={Peg-on-hole: a model based solution to peg and hole alignment},
  author={Bruyninckx, Herman and Dutre, Stefan and De Schutter, Joris},
  booktitle={Proceedings of 1995 IEEE InternationalComparative Peg-in-Hole Testing of a Force-Based Manipulation Controlled Robotic Hand Conference on Robotics and Automation},
  volume={2},
  pages={1919--1924},
  year={1995},
  organization={IEEE}
}

@inproceedings{yun2008compliant,
  title={Compliant manipulation for peg-in-hole: Is passive compliance a key to learn contact motion?},
  author={Yun, Seung-kook},
  booktitle={2008 IEEE International Conference on Robotics and Automation},
  pages={1647--1652},
  year={2008},
  organization={IEEE}
}

@article{park2017compliance,
  title={Compliance-based robotic peg-in-hole assembly strategy without force feedback},
  author={Park, Hyeonjun and Park, Jaeheung and Lee, Dong-Hyuk and Park, Jae-Han and Baeg, Moon-Hong and Bae, Ji-Hun},
  journal={IEEE Transactions on Industrial Electronics},
  volume={64},
  number={8},
  pages={6299--6309},
  year={2017},
  publisher={IEEE}
}

@article{van2018comparative,
  title={Comparative peg-in-hole testing of a force-based manipulation controlled robotic hand},
  author={Van Wyk, Karl and Culleton, Mark and Falco, Joe and Kelly, Kevin},
  journal={IEEE Transactions on Robotics},
  volume={34},
  number={2},
  pages={542--549},
  year={2018},
  publisher={IEEE}
}




