% linear algebra

@MISC{Fukuda96doubledescription,
    author = {Komei Fukuda and Alain Prodon},
    title = {Double Description Method Revisited},
    year = {1996}
}

% assembly planning

@article{HalperinLW00,
  author    = {Dan Halperin and
               Jean{-}Claude Latombe and
               Randall H. Wilson},
  title     = {A General Framework for Assembly Planning: The Motion Space Approach},
  journal   = {Algorithmica},
  volume    = {26},
  number    = {3-4},
  pages     = {577--601},
  year      = {2000},
}

@article{SnoeyinkS94,
  author    = {Jack Snoeyink and
               Jorge Stolfi},
  title     = {Objects that Cannot Be Taken Apart with Two Hands},
  journal   = {Discrete and Computational Geometry},
  volume    = {12},
  pages     = {367--384},
  year      = {1994},
}

% swarm control

@inproceedings{ShahrokhiMB17,
  author    = {Shiva Shahrokhi and
               Arun Mahadev and
               Aaron T. Becker},
  title     = {Algorithms for shaping a particle swarm with a shared input by exploiting non-slip wall contacts},
  booktitle = iros,
  pages     = {4304--4311},
  year      = {2017}
}


% LCP

@ARTICLE{TTPrs01,
  AUTHOR = {J.C. Trinkle and J.A. Tzitzouris and J.S. Pang},
  TITLE = {Dynamic Multi-Rigid-Body Systems with Concurrent Distributed Contacts: Theory and Examples},
  PUBLISHER = {The Royal Society},
  JOURNAL = {Philosophical Transactions: Mathematical, Physical, and Engineering Sciences},
  MONTH = {December},
  SERIES = {A},
  VOLUME = 359,
  NUMBER = 1789,
  PAGES = {2575--2593},
  YEAR = 2001,
}

@INCOLLECTION{STsiam97,
  AUTHOR = {D.E. Stewart and J.C. Trinkle},
  TITLE = {Dynamics, Friction, and Complementarity Problems},
  BOOKTITLE = {Complementarity and Variational Problems},
  EDITOR = {M.C. Ferris and J.S. Pang},
  PUBLISHER = {SIAM},
  YEAR = 1997,
  PAGES = {425--439},
}



@article{SacksBM17,
  author    = {Elisha Sacks and
               Nabeel Butt and
               Victor Milenkovic},
  title     = {Robust free space construction for a polyhedron with planar motion},
  journal   = {Computer-Aided Design},
  volume    = {90},
  pages     = {18--26},
  year      = {2017},
}


% caging

@article{RodriguezMF12,
  author    = {Alberto Rodriguez and
               Matthew T. Mason and
               Steve Ferry},
  title     = {From caging to grasping},
  journal   = ijrr,
  volume    = {31},
  number    = {7},
  pages     = {886--900},
  year      = {2012},
}

@inproceedings{makita2008,
  title={3D multifingered caging: Basic formulation and planning},
  author={Makita, Satoshi and Maeda, Yusuke},
  booktitle=IROS,
  pages={2697--2702},
  year={2008}
}

@article{vahedi2008caging,
  title={Caging polygons with two and three fingers},
  author={Vahedi, Mostafa and van der Stappen, A Frank},
  journal=IJRR,
  volume={27},
  number={11-12},
  pages={1308--1324},
  year={2008}
}

@inproceedings{erickson2003capturing,
  title={Capturing a convex object with three discs},
  author={Erickson, Jeff and Thite, Shripad and Rothganger, Fred and Ponce, Jean},
  booktitle=ICRA,
  volume={2},
  pages={2242--2247},
  year={2003},
}

@inproceedings{rimon1996caging,
  title={Caging 2D bodies by 1-parameter two-fingered gripping systems},
  author={Rimon, Elon and Blake, Andrew},
  booktitle=ICRA,
  pages={1458--1464},
  year={1996}
}

@article{allen2015two,
  title={Two-finger caging of polygonal objects using contact space search},
  author={Allen, Thomas F and Burdick, Joel W and Rimon, Elon},
  journal=IEEE_J_RO,
  volume={31},
  number={5},
  pages={1164--1179},
  year={2015},
}

% END caging references


@book{Reuleaux1876,
  author = {Franz Reuleaux},
  title = {The kinematics of machinery},
  year = {1876}
  }

@article{Connelly2003-carpenters,
  AUTHOR        = {Robert Connelly and Erik D. Demaine and G\"unter Rote},
  TITLE         = {Straightening Polygonal Arcs and Convexifying Polygonal
                   Cycles},
  JOURNAL       = {Discrete and Computational Geometry},
  JOURNALURL    = {http://link.springer.de/link/service/journals/00454/},
  VOLUME        = 30,
  NUMBER        = 2,
  MONTH         = sep,
  YEAR          = 2003,
  PAGES         = {205--239},
  }

@inproceedings{Berenson2013-deformable,
  author    = {Dmitry Berenson},
  title     = {Manipulation of deformable objects without modeling and simulating
               deformation},
  booktitle = IROS,
  pages     = {4525--4532},
  year      = {2013},
}


@article{Bicchi2000-manipulability,
  author    = {Antonio Bicchi and
               Domenico Prattichizzo},
  title     = {Manipulability of cooperating robots with unactuated joints and closed-chain
               mechanisms},
  journal   = IEEE_J_RA,
  volume    = {16},
  number    = {4},
  pages     = {336--345},
  year      = {2006},
  month     = aug
}

@inproceedings{Kim1998-manipulability,
  author    = {Sungbok Kim},
  title     = {Adjustable Manipulability of Closed-Chain Mechanisms through Joint
               Freezing and Joint Unactuation},
  booktitle = ICRA,
  pages     = {2627--2632},
  year      = {1998},
}

@inproceedings{Park1998-manipulability,
  author    = {Frank C. Park and
               Jin Wook Kim},
  title     = {Manipulability and Singularity Analysis of Multiple Robot Systems:
               a Geometric Approach},
  booktitle = ICRA,
  pages     = {1032--1037},
  year      = {1998},
}

@article{Chiacchio1991-manipulability,
  author    = {Pasquale Chiacchio and
               Stefano Chiaverini and
               Lorenzo Sciavicco and
               Bruno Siciliano},
  title     = {Global task space manipulability ellipsoids for multiple-arm systems},
  journal   = IEEE_J_RA,
  volume    = {7},
  number    = {5},
  pages     = {678--685},
  year      = {1991},
}

@article{Malek2006-swept-volumes-review,
    author  = {Karim Abdel-Malek and
               Jingzhou Yang and
               Denis Blackmore and
               Ken Joy},
    year    = {2006},
    month   = {06},
    pages   = {87-127},
    title   = {Swept Volumes: Foundation, Perspectives, and Applications.},
    volume  = {12},
    journal = {Int. J. Shape Modeling},
}

@inproceedings{Werfel2006-mobile-robot-construction,
    author    = {Justin Werfel and
                 Yaneer Bar{-}Yam and
                 Daniela Rus and
                 Radhika Nagpal},
    title     = {Distributed Construction by Mobile Robots with Enhanced Building Blocks},
    booktitle = ICRA,
    pages     = {2787--2794},
    year      = {2006},
}

@inproceedings{Eckenstein2017-acceptance-area-connectors,
    author    = {Nick Eckenstein and Mark Yim},
    title     = {Modular robot connector area of acceptance from configuration space obstacles},
    booktitle = IROS,
    pages     = {3550--3555},
    year      = {2017},
}

@article{Mishra1987-grasp-existence,
    author    = {Bhubaneswar Mishra and
                             Jacob T. Schwartz and
                                                Micha Sharir},
    title     = {On the Existence and Synthesis of Multifinger Positive Grips},
    journal   = {Algorithmica},
    volume    = {2},
    pages     = {541--558},
    year      = {1987},
}

@article{Makita2017-caging-survey,
  author    = {Satoshi Makita and
               Weiwei Wan},
  title     = {A survey of robotic caging and its applications},
  journal   = {Advanced Robotics},
  volume    = {31},
  number    = {19-20},
  pages     = {1071--1085},
  year      = {2017},
}

@article{Chase1991-survey-of-tolerance-analysis,
    author  = "Chase, Kenneth W.
    and Parki nson, Alan R.",
    title   = "A survey of research in the application of tolerance analysis to the design of mechanical assemblies",
    journal = "Research in Engineering Design",
    year    = "1991",
    month   = mar,
    volume  = "3",
    number  = "1",
    pages   = "23--37",
}

@article{Chase1996-geometric-tolerance-analysis,
    author    = {Kenneth W. Chase and Jinsong Gao and Spencer P. Magleby and Carl D. Sorensen},
    title     = {Including Geometric Feature Variations in Tolerance Analysis of Mechanical Assemblies},
    journal   = {IIE Transactions},
    volume    = {28},
    number    = {10},
    pages     = {795-807},
    year      = {1996},
}

@article{Lougee2003-COIN-OR,
    author    = {Robin Lougee{-}Heimer},
    title     = {The Common Optimization INterface for Operations Research: Promoting
                 open-source software in the operations research community},
    journal   = {{IBM} Journal of Research and Development},
    volume    = {47},
    number    = {1},
    pages     = {57--66},
    year      = {2003},
}

@article{Revels2016-automatic-differentiation-in-julia,
    title   = {Forward-Mode Automatic Differentiation in Julia},
    author  = {{Revels}, J. and {Lubin}, M. and {Papamarkou}, T.},
    journal = {arXiv:1607.07892 [cs.MS]},
    year    = {2016},
}

@misc{Bromberger2017-light-graphs-package,
    author = {Seth Bromberger and James Fairbanks},
    title  = {JuliaGraphs/LightGraphs.jl: LightGraphs},
    year   = 2017,
    doi    = {10.5281/zenodo.889971},
}

@Inbook{Duistermaat2010-taylor-polynomial-many-variables,
    author    = "Duistermaat, J. J. and Kolk, J. A. C.",
    title     ="Taylor Expansion in Several Variables",
    bookTitle = "Distributions: Theory and Applications",
    year      = "2010",
    publisher = "Birkh{\"a}user",
    pages     = "59--63",
}

@misc{Johnson2014-clipper-library,
    author = "Angus Johnson",
    title  = "Clipper - an open source freeware library for
clipping and offsetting lines and polygons",
    yeah   = 2014,
    url    = "http://angusj.com/delphi/clipper.php"
}

@misc{gurobi,
  author = "Gurobi Optimization, LLC",
  title = "Gurobi Optimizer Reference Manual",
  year = 2018,
  url = "http://www.gurobi.com"
}
