@article{brambilla2013swarm,
  title={Swarm robotics: a review from the swarm engineering perspective},
  author={Brambilla, Manuele and Ferrante, Eliseo and Birattari, Mauro and Dorigo, Marco},
  journal={Swarm Intelligence},
  volume={7},
  number={1},
  pages={1--41},
  year={2013},
  publisher={Springer}
}

@article{kushleyev2013towards,
  title={Towards a swarm of agile micro quadrotors},
  author={Kushleyev, Alex and Mellinger, Daniel and Powers, Caitlin and Kumar, Vijay},
  journal=auro,
  volume={35},
  number={4},
  pages={287--300},
  year={2013},
  publisher={Springer}
}

@incollection{ayanian2011synthesis,
  title={Synthesis of controllers to create, maintain, and reconfigure robot formations with communication constraints},
  author={Ayanian, Nora and Kumar, Vijay and Koditschek, Daniel},
  booktitle=isrr,
  pages={625--642},
  year={2011},
  publisher={Springer}
}

@inproceedings{pereira2003formation,
  title={Formation control with configuration space constraints},
  author={Pereira, Guilherme AS and Das, Aveek K and Kumar, Vijay and Campos, Mario Fernando Montenegro},
  booktitle=iros,
  volume={3},
  pages={2755--2760},
  year={2003},
  organization={IEEE}
}


@article{hsieh2008decentralized,
  title={Decentralized controllers for shape generation with robotic swarms},
  author={Hsieh, M Ani and Kumar, Vijay and Chaimowicz, Luiz},
  journal={Robotica},
  volume={26},
  number={5},
  pages={691--701},
  year={2008},
  publisher={Cambridge University Press}
}

@inproceedings{o2014self,
  title={Self-assembly of a swarm of autonomous boats into floating structures},
  author={O'Hara, Ian and Paulos, James and Davey, Jay and Eckenstein, Nick and Doshi, Neel and Tosun, Tarik and Greco, Jonathan and Seo, Jungwon and Turpin, Matt and Kumar, Vijay and others},
  booktitle=icra,
  pages={1234--1240},
  year={2014}
}


@article{alonso2017multi,
  title={Multi-robot formation control and object transport in dynamic environments via constrained optimization},
  author={Alonso-Mora, Javier and Baker, Stuart and Rus, Daniela},
  journal=ijrr,
  volume={36},
  number={9},
  pages={1000--1021},
  year={2017},
  publisher={SAGE Publications Sage UK: London, England}
}


@article{rubenstein2014programmable,
  title={Programmable self-assembly in a thousand-robot swarm},
  author={Rubenstein, Michael and Cornejo, Alejandro and Nagpal, Radhika},
  journal={Science},
  volume={345},
  number={6198},
  pages={795--799},
  year={2014},
  publisher={American Association for the Advancement of Science}
}


@article{navaravong2012formation,
  title={Formation reconfiguration for mobile robots with network connectivity constraints},
  author={Navaravong, Leenhapat and Kan, Zhen and Shea, John M and Dixon, Warren E},
  journal={IEEE Network},
  volume={26},
  number={4},
  pages={18--24},
  year={2012},
  publisher={IEEE}
}

@inproceedings{esposito2006maintaining,
  title={Maintaining wireless connectivity constraints for swarms in the presence of obstacles},
  author={Esposito, Joel M and Dunbar, Thomas W},
  booktitle=icra,
  pages={946--951},
  year={2006}
}

@article{zavlanos2011graph,
  title={Graph-theoretic connectivity control of mobile robot networks},
  author={Zavlanos, Michael M and Egerstedt, Magnus B and Pappas, George J},
  journal={Proc. IEEE},
  volume={99},
  number={9},
  pages={1525--1540},
  year={2011}
}

