
@inproceedings{Zhang2018-interlocking,
  author = {Yinan Zhang and Devin Balkcom},
  title     = {Interlocking block assembly},
  booktitle = wafr,
  year      = {2018},
  month = dec,
}

@inproceedings{Wang2018-time-optimal,
  author = {Weifu Wang and Devin Balkcom},
  title     = {Time-optimal motion of spatial {D}ubins systems},
  booktitle = {Algorithmic Foundation of Robotics ({WAFR})},
  year      = {2018},
  month = dec,
}

@inproceedings{Balkcom2018,
  author = {Devin Balkcom and Andrei Furtuna and Weifu Wang},
  title = {The Dubins car and other arm-like mobile robots},
  booktitle = {IEEE International Conference on Robotics and Automation (ICRA)},
  year = {2018},
  month = may,

}

@article{Zhang2018a,
  author = {Yinan Zhang and Emily Whiting and Devin Balkcom},
  title = {Assembling and disassembling planar structures with divisible and atomic components},
  journal = {{IEEE} Transactions on Automation Science and Engineering},
  year = {2018},
  month = jul,
  volume = 15,
  number = 3,
  pages = {945 -- 954},
  doi= {10.1109/TASE.2018.2809595}
}

@article{Wang2018,
  author = {Weifu Wang and Devin Balkcom},
  title = {Knot grasping, folding, and re-grasping},
  journal   = {International Journal of Robotics Research},
  year      = {2018},
  month = feb,
  volume = 37,
  number = {2-3},
  pages = {378 -- 399},
  doi ={10.1177/0278364918754676}
}

@inproceedings{Zhang2017,
  author    = {Yinan Zhang and Xiaolei Chen and Hang Qi and Devin Balkcom},
  title     = {Rearranging agents in a small space using global controls},
  booktitle = {{IEEE/RSJ} International Conference on Intelligent Robots and Systems ({IROS})},
  year = {2017},
  extra-youtube-download-1 = {<a href="https://youtu.be/lKkAmKUWSe4">Conference video (youtube)</a>"}
}


@inproceedings{Kavathekar2017,
  author    = {Paritosh Kavathekar and Devin Balkcom},
  title     = {A tactile shirt for teaching human motion tasks},
  booktitle = {{IEEE/RSJ} International Conference on Intelligent Robots and Systems ({IROS})},
  year = {2017}
}

@inproceedings{Zhang2016b,
  author    = {Yinan Zhang and Emily Whiting and Devin Balkcom},
  title     = {Assembling and disassembling planar structures with divisible and atomic components},
  booktitle = {Algorithmic Foundations of Robotics ({WAFR})},
  year      = {2016}
}

@inproceedings{Wang2016c,
  author    = {Weifu Wang and Devin Balkcom},
  title     = {Re-configuring knots to simplify manipulation},
  booktitle = {Algorithmic Foundations of Robotics ({WAFR})},
  year      = {2016}
}


@inproceedings{Zhang2016a,
  author = {Yinan Zhang and Devin Balkcom},
  title = {Interlocking structure assembly with voxels},
  booktitle = iros,
  year = {2016}
}

@inproceedings{Wang2016b,
  author = {Weifu Wang and Devin Balkcom},
  title = {Grasping and folding knots},
  booktitle = {IEEE International Conference on Robotics and Automation (ICRA)},
  year = {2016},
  doi = {10.1109/ICRA.2016.7487549}
}


@inproceedings{Wang2016a,
  author = {Weifu Wang and Devin Balkcom},
  title = {Towards tying knots precisely},
  booktitle = {IEEE International Conference on Robotics and Automation (ICRA)},
  year = {2016},
  extra-accolades={Finalist for best manipulation paper.}
}



@article{Lyu2016c,
  author = {Yu-Han Lyu and Devin Balkcom},
  title = {Optimal trajectories for planar rigid bodies with switching costs},
  journal   = {International Journal of Robotics Research},
  year      = {2016},
  volume = 35,
  number = 5,
  pages={454--475},
}


@inproceedings{Lyu2016b,
  author = {Yu-Han Lyu and Yining Chen and Devin Balkcom},
  title = {k-survivability:  diversity and survival of expendable robots},
  booktitle = {IEEE International Conference on Robotics and Automation (ICRA)},
  year = {2016},
  note = {Also published as RAL journal article by the same name.}
}

@article{Lyu2016a,
	author = {Yu-Han Lyu and Yining Chen and Devin Balkcom},
	title = {k-survivability:  diversity and survival of expendable robots},
  journal = {Robotics and Automation Letters},
	year = {2016},
  volume = 1,
  number = 2,
  pages={1164 -- 1171},
  note = {Also published as ICRA article by the same name.}

}



@article{Wang2015c,
  author = {Weifu Wang and Devin Balkcom},
  title = {Towards arranging and tightening knots and unknots with fixtures},
  journal = {IEEE Transactions on Automation Science and Engineering},
  year = {2015},
  volume=12,
  number = 4,
  pages={1318--1331},
}



@inproceedings{Balkcom2015,
  author = {Devin Balkcom and Ajay Kannan and Yu-Han Lyu and Weifu Wang and Yinan Zhang},
  title = {Metric cells:  towards complete search for optimal trajectories},
  year = {2015},
  booktitle={{IEEE/RSJ} International Conference on Intelligent Robots and Systems ({IROS})},
}

@inproceedings{Wang2015b,
  author = {Weifu Wang and Dmitry Berenson and Devin Balkcom},
  title = {An online method for tight-tolerance insertion tasks for string and rope},
  booktitle = {IEEE International Conference on Robotics and Automation (ICRA)},
  year = {2015},
}


@article{Wang2015a,
  author    = {Weifu Wang and Devin Balkcom and Amit Chakrabarti},
  title     = {A fast online spanner for roadmap construction},
  journal   = {International Journal of Robotics Research},
  year      = {2015},
  volume    = 34,
  number    = 11,
  pages={1418--1432},
}


@inproceedings{Lyu2014b,
  author    = {Yu{-}Han Lyu and
               Andrei A. Furtuna and
               Weifu Wang and
               Devin Balkcom},
  title     = {The bench mover's problem:  minimum-time trajectories, with cost for switching between controls},
  booktitle = {IEEE International Conference on Robotics and Automation (ICRA)},
  year      = {2014},
  pages     = {106--112},
  doi       = {10.1109/ICRA.2014.6906596},
}

@article{Bell2014,
  author    = {Matthew P. Bell and
               Weifu Wang and
               Jordan Kunzika and
               Devin Balkcom},
  title     = {Knot-tying with four-piece fixtures},
  journal   = {International Journal of Robotics Research},
  year      = {2014},
  volume    = {33},
  number    = {11},
  pages     = {1481--1489},
  doi       = {10.1177/0278364914532217},
}


@inproceedings{Wang2014,
  author    = {Weifu Wang and Matthew Bell and Devin Balkcom},
  title     = {Towards arranging and tightening knots and unknots with fixtures},
  booktitle = {Algorithmic Foundations of Robotics ({WAFR})},
  year      = {2014},
  extra-accolades      = {Invited to TASE journal; superceded by 2015 TASE article.},
}


@inproceedings{Lyu2014a,
  author    = {Yu-Han Lyu and Devin Balkcom},
  title     = {Optimal trajectories for planar rigid bodies with switching costs},
  booktitle = {Algorithmic Foundations of Robotics ({WAFR})},
  year      = {2014},
  extra-accolades      = {Invited to IJRR journal; superceded by 2016 IJRR article.},

}


@inproceedings{Wang2013,
  author    = {Weifu Wang and
               Devin Balkcom and
               Amit Chakrabarti},
  title     = {A fast streaming spanner algorithm for incrementally constructing sparse roadmaps},
  booktitle = {{IEEE/RSJ} International Conference on Intelligent Robots and Systems ({IROS})},
  year      = {2013},
  pages     = {1257--1263},
  doi       = {10.1109/IROS.2013.6696511},
  extra-accolades={Superceded by 2015 IJRR article.}
}

@inproceedings{Li2013,
  author    = {Zhong Li and
               Devin Balkcom and
               Aaron M. Dollar},
  title     = {Rigid 2D space-filling folds of unbroken linear chains},
  booktitle = {IEEE International Conference on Robotics and Automation (ICRA)},
  year      = {2013},
  pages     = {551--557},
  doi       = {10.1109/ICRA.2013.6630628},
}

@inproceedings{Furtuna2013,
  author    = {Andrei A. Furtuna and
               Weifu Wang and
               Yu-Han Lyu and
               Devin Balkcom},
  title     = {Structure and geometry of minimum-time trajectories for planar rigid bodies},
  booktitle = {Allerton Conference on Communication, Control, and
               Computing},
  year      = {2013},
  pages     = {1584--1591},
  doi       = {10.1109/Allerton.2013.6736717},
}



@inproceedings{Wang2012b,
  author    = {Weifu Wang and
               Devin Balkcom},
  title     = {Sampling extremal trajectories for planar rigid bodies},
  booktitle = {Algorithmic Foundations of Robotics ({WAFR})},
  year      = {2012},
  pages     = {331--347},
  doi       = {10.1007/978-3-642-36279-8_20},
}


@inproceedings{Wang2012a,
  author    = {Weifu Wang and
               Devin Balkcom},
  title     = {Analytical time-optimal trajectories for an omni-directional vehicle},
  booktitle = {{IEEE} International Conference on Robotics and Automation ({ICRA})},
  year      = {2012},
  pages     = {4519--4524},
  doi       = {10.1109/ICRA.2012.6224602},
  num=22,
}


@inproceedings{Furtuna2011,
  author    = {Andrei A. Furtuna and
               Wenyu Lu and
               Weifu Wang and
               Devin Balkcom},
  title     = {Minimum-time trajectories for kinematic mobile robots and other planar rigid bodies with finite control sets},
  booktitle = {{IEEE/RSJ} International Conference on Intelligent Robots and Systems ({IROS})},
  year      = {2011},
  pages     = {4321--4328},
  doi       = {10.1109/IROS.2011.6094923},
}


@article{Kavathekar2010,
  author    = {Paritosh A. Kavathekar and
               Bruce A. Craig and
               Alan M. Friedman and
               Chris Bailey{-}Kellogg and
               Devin Balkcom},
  title     = {Characterizing the space of interatomic distance distribution functions consistent with solution scattering data},
  journal   = {Journal of Bioinformatics and Computational Biology},
  year      = {2010},
  volume    = {8},
  number    = {2},
  pages     = {315--335},
  doi       = {10.1142/S0219720010004781},
}

@article{Bell2010,
  author    = {Matthew P. Bell and
               Devin Balkcom},
  title     = {Grasping non-stretchable cloth polygons},
  journal   = {International Journal of Robotics Research},
  year      = {2010},
  volume    = {29},
  number    = {6},
  pages     = {775--784},
  doi       = {10.1177/0278364909344634},
}

@article{Furtuna2010,
  author    = {Andrei A. Furtuna and
               Devin Balkcom},
  title     = {Generalizing {D}ubins curves: minimum-time sequences of body-fixed rotations and translations in the plane},
  journal   = {International Journal of Robotics Research},
  year      = {2010},
  volume    = {29},
  number    = {6},
  pages     = {703--726},
  doi       = {10.1177/0278364910365093},
}

@article{Chitsaz2009,
  author    = {Hamid Reza Chitsaz and
               Steven M. LaValle and
               Devin Balkcom and
               Matthew T. Mason},
  title     = {Minimum wheel-rotation paths for differential-drive mobile robots},
  journal   = {International Journal of Robotics Research},
  year      = {2009},
  volume    = {28},
  number    = {1},
  pages     = {66--80},
  doi       = {10.1177/0278364908096750},
  num=17,
}



@inproceedings{Furtuna2008,
  author    = {Andrei A. Furtuna and
               Devin Balkcom and
               Hamid Reza Chitsaz and
               Paritosh A. Kavathekar},
  title     = {Generalizing the {D}ubins and {R}eeds-{S}hepp cars:  fastest paths for bounded-velocity mobile robots},
  booktitle = {{IEEE} International Conference on Robotics and Automation ({ICRA})},
  year      = {2008},
  pages     = {2533--2539},
  doi       = {10.1109/ROBOT.2008.4543594},
}


@inproceedings{Bell2008,
  author    = {Matthew P. Bell and
               Devin Balkcom},
  title     = {Knot tying with single piece fixtures},
  booktitle = {{IEEE} International Conference on Robotics and Automation, ({ICRA})},
  year      = {2008},
  pages     = {379--384},
  doi       = {10.1109/ROBOT.2008.4543237},
  num=15,
}


@article{Balkcom2008,
  author    = {Devin Balkcom and
               Matthew T. Mason},
  title     = {Robotic origami folding},
  journal   = {International Journal of Robotics Research},
  year      = {2008},
  volume    = {27},
  number    = {5},
  pages     = {613--627},
  doi       = {10.1177/0278364908090235},
}

@inproceedings{Ray2006,
	author = {Laura Ray and James Joslin and John Murphy and Jon Barlow and Devin Brande and Devin Balkcom},
	title = {Dynamic mobile robots for emergency surveillance and situational awareness},
	booktitle={IEEE International Workshop on Safety, Security, and Rescue Robotics},
	year = {2006},
}

@inproceedings{Balkcom2006c,
  title={Folding paper shopping bags},
  author={Devin Balkcom and Erik Demaine and Martin Demaine and John Ochsendorf and Zhong You},
  booktitle={International Meeting of Origami Science, Math, and Education (OSME)},
  pages={315--334},
  year={2006},
}


@inproceedings{Balkcom2006b,
  author    = {Devin Balkcom and
               Paritosh A. Kavathekar and
               Matthew T. Mason},
  title     = {The minimum-time trajectories for an omni-directional vehicle},
  booktitle = {Algorithmic Foundation of Robotics ({WAFR})},
  year      = {2006},
  pages     = {343--358},
  doi       = {10.1007/978-3-540-68405-3_22},
  num=12,
  note = {Superceded by IJRR paper.}
}

@inproceedings{LoomisB06,
  author    = {Anne Loomis and
               Devin Balkcom},
  title     = {Computation reuse for rigid-body dynamics},
  booktitle = {{IEEE/RSJ} International Conference on Intelligent Robots and
               Systems ({IROS})},
  year      = {2006},
  pages     = {4181--4186},
  doi       = {10.1109/IROS.2006.281910},
  num=11,
}


@inproceedings{Chitsaz2006,
  author    = {Hamid Reza Chitsaz and
               Steven M. LaValle and
               Devin Balkcom and
               Matthew T. Mason},
  title     = {Minimum wheel-rotation Paths for differential-drive mobile robots},
  booktitle = {{IEEE} International Conference on Robotics
               and Automation ({ICRA})},
  year      = {2006},
  pages     = {1616--1623},
  doi       = {10.1109/ROBOT.2006.1641938},
  note = {Superceded by IJRR paper.}
}


@article{Balkcom2006a,
  author    = {Devin Balkcom and
               Paritosh A. Kavathekar and
               Matthew T. Mason},
  title     = {Time-optimal trajectories for an omni-directional vehicle},
  journal   = {International Journal of Robotics Research},
  year      = {2006},
  volume    = {25},
  number    = {10},
  pages     = {985--999},
  doi       = {10.1177/0278364906069166},

}


@inproceedings{Balkcom2004,
  author    = {Devin Balkcom and
               Matthew T. Mason},
  title     = {Introducing robotic origami folding},
  booktitle = {{IEEE} International Conference on Robotics
               and Automation},
  year      = {2004},
  pages     = {3245--3250},
  doi       = {10.1109/ROBOT.2004.1308754},
}



@inproceedings{Balkcom2002e,
  author    = {Devin Balkcom and
               Matthew T. Mason},
  title     = {Extremal trajectories for bounded velocity mobile robots},
  booktitle = {{IEEE} International Conference on Robotics
               and Automation ({ICRA}) },
  year      = {2002},
  pages     = {1747--1752},
  doi       = {10.1109/ROBOT.2002.1014794},
}


@inproceedings{Balkcom2002d,
  author    = {Devin Balkcom and
               E. J. Gottlieb and
               Jeffrey C. Trinkle},
  title     = {A sensorless insertion strategy for rigid planar parts},
  booktitle = {{IEEE} International Conference on Robotics
               and Automation ({ICRA})},
  year      = {2002},
  pages     = {882--887},
  doi       = {10.1109/ROBOT.2002.1013468},
  note = "Superceded"
}


@inproceedings{Balkcom2002c,
  author    = {Devin Balkcom and
               Jeffrey C. Trinkle and
               E. J. Gottlieb},
  title     = {Computing wrench cones for planar contact tasks},
  booktitle = {{IEEE} International Conference on Robotics
               and Automation ({ICRA})},
  year      = {2002},
  pages     = {869--875},
  url       = {http://www.cs.dartmouth.edu/~devin/papers/djb-icra02wc.pdf},
  doi       = {10.1109/ROBOT.2002.1013466},
}


@article{Balkcom2002b,
  author    = {Devin Balkcom and
               Jeffrey C. Trinkle},
  title     = {Computing wrench cones for planar rigid body contact tasks},
  journal   = ijrr,
  year      = {2002},
  volume    = {21},
  number    = {12},
  pages     = {1053--1066},
}

@article{Balkcom2002a,
  author    = {Devin Balkcom and
               Matthew T. Mason},
  title     = {Time optimal trajectories for bounded velocity differential drive vehicles},
  journal   = {International Journal of Robotics Research},
  year      = {2002},
  volume    = {21},
  number    = {3},
  pages     = {199--218},
  doi       = {10.1177/027836402320556403},
}

@inproceedings{Balkcom2001,
author = {Devin Balkcom and Matthew T. Mason},
title = {Progress in Desktop Robotics},
booktitle = {The Eleventh Yale Workshop on Adaptive and Learning Systems},
year = {2001},
month = {January},
keywords = {mobipulator, mobile manipulation, desktop robotics},
}

@inproceedings{Balkcom2000b,
  author    = {Devin Balkcom and
               Matthew T. Mason},
  title     = {Time optimal trajectories for bounded velocity differential drive robots},
  booktitle = {{IEEE} International Conference on Robotics
               and Automation ({ICRA})},
  year      = {2000},
  pages     = {2499--2504},
  doi       = {10.1109/ROBOT.2000.846404},
}


@inproceedings{Balkcom2000a,
  author    = {Devin Balkcom and
               Matthew T. Mason},
  title     = {Extremal trajectories for bounded velocity differential drive robots},
  booktitle = {{IEEE} International Conference on Robotics
               and Automation ({ICRA}) },
  year      = {2000},
  pages     = {2479--2484},
  doi       = {10.1109/ROBOT.2000.846401},
}


@phdThesis{BellPhD,
  author = {Matthew P. Bell},
  title = {{Flexible Object Manipulation}},
  school = {Dartmouth Computer Science},
  address = {Hanover, NH},
  number = {TR2010-663},
  year = {2010},
  month = {February},
  URL = {http://www.cs.dartmouth.edu/reports/TR2010-663.pdf},
  comment = {
    Ph.D. Dissertation. Advisor: Devin Balkcom.
  },
  keywords = {phdthesis}
}

@phdThesis{KavathekarPhD,
  author = {Paritosh A. Kavathekar},
  title = {{Assisting Human Motion-Tasks with Minimal, Real-time Feedback  }},
  school = {Dartmouth Computer Science},
  address = {Hanover, NH},
  number = {TR2011-695},
  year = {2011},
  month = {June},
  URL = {http://www.cs.dartmouth.edu/reports/TR2011-695.pdf},
  comment = {
    Ph.D Dissertation. Advisor: Devin Balkcom
  },
  keywords = {phdthesis}
}

@phdThesis{FurtunaPhD,
  author = {Andrei A. Furtuna},
  title = {{Minimum time kinematic trajectories for self-propelled rigid bodies in the unobstructed plane}},
  school = {Dartmouth Computer Science},
  address = {Hanover, NH},
  number = {TR2011-694},
  year = {2011},
  month = {June},
  URL = {http://www.cs.dartmouth.edu/reports/TR2011-694.pdf},
  comment = {
    Ph.D Dissertation. Advisor: Devin Balkcom.
  },
  keywords = {phdthesis}
}


@phdThesis{LyuPhD,
  author = {Yu-Han Lyu},
  title = {{Implications of Motion Planning: Optimality and k-survivability}},
  school = {Dartmouth Computer Science},
  address = {Hanover, NH},
  number = {TR2016-791},
  year = {2016},
  month = {March},
  URL = {http://www.cs.dartmouth.edu/reports/TR2016-791.pdf},
  comment = {
     Ph.D Dissertation. Advisor: Devin J. Balkcom.
  },
  keywords = {phdthesis}
}

@phdThesis{WangPhD,
  author = {Weifu Wang},
  title = {{Constraint-based robot knot tying}},
  school = {Dartmouth Computer Science},
  address = {Hanover, NH},
  number = {TR2016-792},
  year = {2016},
  month = {May},
  url = {http://www.cs.dartmouth.edu/reports/TR2016-792.pdf},
  comment = {
     Ph.D Dissertation. Advisor: Devin Balkcom
  },
  keywords = {phdthesis}
}



@misc{projectpython,
  author    = {Devin Balkcom},
  title     = {Project Python: an interactive introduction to Computer Science},
  howpublished = {On-line at projectpython.net},
  year      = {2011},
  note = {170 pages},
  extra-webpage = {http://projectpython.net}
}

@misc{khanAlgorithms,
  author    = {Devin Balkcom and Tom Cormen},
  title     = {Algorithms Tutorials},
  howpublished = {On-line at Khan Academy},
  year      = {2015},
  note = {60 pages},
  extra-webpage = {https://www.khanacademy.org/computing/computer-science/algorithms}
}

@misc{javaCoders,
  author    = {Devin Balkcom},
  title     = {Java for coders},
  howpublished = {On-line at www.educative.io},
  year      = {2017},
  keywords  = {onlinebook},
  note = {22 pages},
  extra-webpage = {http://www.educative.io}
}


@ARTICLE{Lozano-Perez1984,
  author = {Tomas Lozano-Perez and Matthew Mason and Russell H. Taylor},
  title = {Automatic Synthesis of Fine-Motion Strategies for Robots},
  journal = {International Journal of Robotics Research},
  year = {1984},
  volume = {3},
  number = {1},
  file = {Lozano-Perez1984.pdf:Lozano-Perez1984.pdf:PDF},
  review = {This is the paper that introduces pre-image backchaining as a method
  for dealing with execution uncertainty.}
}


@article{Mason86,
author = {Matthew T. Mason},
title ={Mechanics and Planning of Manipulator Pushing Operations},
journal = {The International Journal of Robotics Research},
volume = {5},
number = {3},
pages = {53-71},
year = {1986},
doi = {10.1177/027836498600500303}
}

@INPROCEEDINGS{Bruyninckx95,
author={H. {Bruyninckx} and S. {Dutre} and J. {De Schutter}},
booktitle={Proceedings of 1995 IEEE International Conference on Robotics and Automation},
title={Peg-on-hole: a model based solution to peg and hole alignment},
year={1995},
volume={2},
pages={1919-1924 vol.2},
keywords={assembling;position control;production control;path planning;computational geometry;industrial manipulators;peg-in-hole operation;model based control;insertion phase;alignment;hole location;active force sensing;assembly;robotics;motion planning;geometric model;Uncertainty;Jamming;Solid modeling;Kinematics;Mechanical engineering;Electronic mail;Force control;Robustness;Robot sensing systems;Computational geometry},
doi={10.1109/ROBOT.1995.525545},
ISSN={1050-4729},
month={May}
}

@article{ZhangZOH04,
  author = {Zhang X and
            Zheng Y and
            Ota J and
            Huang Y}, 
  title = {Peg-in-Hole Assembly Based on Two-phase Scheme and F/T Sensor for Dual-arm Robot},
  journal =  {Sensors (Basel)}, 
  year = {2017},
  volume = {17(9)},
  doi = {10.3390/s17092004}
}



@phdThesis{Moll2002,
  author = {Mark Moll},
  title = {{Shape reconstruction using active tactile sensors}},
  school = {Computer Science Department, Carnegie Mellon University},
  year = {2002}
}

@article{woodruff2016,
  title={Vertebral Adaptations to Large Body Size in Theropod Dinosaurs},
  author={JP Wilson and DC Woodruff and JD Gardner and HM Flora and JR Horner and CL Organ},
  year ={2016},
  journal={PLoS ONE},
  volume={11},
  number={7},
}

@article{huang2003multipiecemolds,
  title={Generating sacrificial multi-piece molds using accessibility driven spatial partitioning},
  author={Huang, Jun and Gupta, Satyandra K and Stoppel, Klaus},
  journal={Computer-Aided Design},
  volume={35},
  number={13},
  pages={1147--1160},
  year={2003},
  publisher={Elsevier}
}

@inproceedings{kong2001solving,
  title={On solving 2D and 3D puzzles using curve matching},
  author={Kong, Weixin and Kimia, Benjamin B},
  booktitle={Computer Vision and Pattern Recognition, 2001. CVPR 2001. Proceedings of the 2001 IEEE Computer Society Conference on},
  volume={2},
  pages={II--583},
  year={2001},
  organization={IEEE}
}

@article{Yao:2017:IDS:3068851.3054740,
 author = {Yao, Jiaxian and Kaufman, Danny M. and Gingold, Yotam and Agrawala, Maneesh},
 title = {Interactive Design and Stability Analysis of Decorative Joinery for Furniture},
 journal = {ACM Trans. Graph.},
 issue_date = {March 2017},
 volume = {36},
 number = {2},
 month = mar,
 year = {2017},
 issn = {0730-0301},
 pages = {20:1--20:16},
 articleno = {20},
 numpages = {16},
 url = {http://doi.acm.org/10.1145/3054740},
 doi = {10.1145/3054740},
 acmid = {3054740},
 publisher = {ACM},
 address = {New York, NY, USA},
 keywords = {Joinery, fabrication, furniture, geometric design},
}

@inproceedings{goldberg2002global,
  title={A global approach to automatic solution of jigsaw puzzles},
  author={Goldberg, David and Malon, Christopher and Bern, Marshall},
  booktitle={Proceedings of the eighteenth annual symposium on Computational geometry},
  pages={82--87},
  year={2002},
  organization={ACM}
}

@article{CULTER,
  title={A computer analysis of all 6-piece burrs},
  author={Culter, W. H.},
  journal={Self published},
  year={1994},
  publisher={Self published}
}

@article{hongxinganalysis,
  title={ANALYSIS OF SEISMIC CHARACTERISTICS OF CHINESE ANCIENT TIMBER STRUCTURE},
  author={Hongxing, Xu Minggang Qiu}
}

@book{zwerger2012wood,
  title={Wood and Wood Joints: Building Traditions of Europe, Japan and China},
  author={Zwerger, K. and Olgiati, V.},
  isbn={9783034612678},
  url={https://books.google.com/books?id=yPoEBDZSUyoC},
  year={2012},
  publisher={Birkh{\"a}user}
}


@article{priyadarshi2004geometricmultipiecemolds,
  title={Geometric algorithms for automated design of multi-piece permanent molds},
  author={Priyadarshi, Alok K and Gupta, Satyandra K},
  journal={Computer-Aided Design},
  volume={36},
  number={3},
  pages={241--260},
  year={2004},
  publisher={Elsevier}
}

@inproceedings{snoeyink1993objects,
  title={Objects that cannot be taken apart with two hands},
  author={Snoeyink, Jack and Stolfi, Jorge},
  booktitle={Proceedings of the ninth annual symposium on Computational geometry},
  pages={247--256},
  year={1993},
  organization={ACM}
}

@inproceedings{wang2016grasping,
  title={Grasping and folding knots},
  author={Wang, Weifu and Balkcom, Devin},
  booktitle={2016 IEEE International Conference on Robotics and Automation (ICRA)},
  pages={3647--3654},
  year={2016},
  organization={IEEE}
}

@article{bell2014knot,
  title={Knot-tying with four-piece fixtures},
  author={Bell, Matthew P and Wang, Weifu and Kunzika, Jordan and Balkcom, Devin},
  journal={The International Journal of Robotics Research},
  volume={33},
  number={11},
  pages={1481--1489},
  year={2014},
  publisher={SAGE Publications}
}

@book{reuleaux1875theoretische,
  title={Theoretische Kinematik: Grundz{\"u}ge einer Theorie des Maschinenwesens},
  author={Reuleaux, Franz},
  volume={1},
  year={1875},
  publisher={F. Vieweg und Sohn}
}

@article{balkcom2002computing,
  title={Computing wrench cones for planar rigid body contact tasks},
  author={Balkcom, Devin J and Trinkle, Jeffrey C},
  journal={The International Journal of Robotics Research},
  volume={21},
  number={12},
  pages={1053--1066},
  year={2002},
  publisher={SAGE Publications}
}

@article{mishra1987existence,
  title={On the existence and synthesis of multifinger positive grips},
  author={Mishra, Bhubaneswar and Schwartz, Jacob T and Sharir, Micha},
  journal={Algorithmica},
  volume={2},
  number={1-4},
  pages={541--558},
  year={1987},
  publisher={Springer}
}

@Article{Herholz:2015:AGH,
journal = {Computer Graphics Forum (Proc. of Eurographics)},
title = {{Approximating Free-form Geometry with Height Fields for Manufacturing}},
author = {Philipp Herholz and Wojciech Matusik and Marc Alexa},
pages = {239-251},
volume= {34},
number= {2},
year = {2015},
DOI = {10.1111/cgf.12556},
}

@article{allen2015two,
  title={Two-finger caging of polygonal objects using contact space search},
  author={Allen, Thomas F and Burdick, Joel W and Rimon, Elon},
  journal={IEEE Transactions on Robotics},
  volume={31},
  number={5},
  pages={1164--1179},
  year={2015},
  publisher={IEEE}
}


@article{Ravi:1990:DCC:85993.85999,
 author = {Ravi, R. and Srinivasan, M. N.},
 title = {Decision Criteria for Computer-aided Parting Surface Design},
 journal = {Comput. Aided Des.},
 issue_date = {January/February 1990},
 volume = {22},
 number = {1},
 month = jan,
 year = {1990},
 issn = {0010-4485},
 pages = {11--17},
 numpages = {7},
 url = {http://dx.doi.org/10.1016/0010-4485(90)90024-7},
 doi = {10.1016/0010-4485(90)90024-7},
 acmid = {85999},
 publisher = {Butterworth-Heinemann},
 address = {Newton, MA, USA},
}


@article{rubenstein2014programmable,
  title={Programmable self-assembly in a thousand-robot swarm},
  author={Rubenstein, Michael and Cornejo, Alejandro and Nagpal, Radhika},
  journal={Science},
  volume={345},
  number={6198},
  pages={795--799},
  year={2014},
  publisher={American Association for the Advancement of Science}
}


@inproceedings{connelly2000straightening,
  title={Straightening polygonal arcs and convexifying polygonal cycles},
  author={Connelly, Robert and Demaine, Erik D and Rote, G{\"u}nter},
  booktitle={Foundations of Computer Science, 2000. Proceedings. 41st Annual Symposium on},
  pages={432--442},
  year={2000},
  organization={IEEE}
}

@inproceedings{streinu2000combinatorial,
  title={A combinatorial approach to planar non-colliding robot arm motion planning},
  author={Streinu, Ileana},
  booktitle={Foundations of Computer Science, 2000. Proceedings. 41st Annual Symposium on},
  pages={443--453},
  year={2000},
  organization={IEEE}
}

@inproceedings{rimon1996caging,
  title={Caging 2D bodies by 1-parameter two-fingered gripping systems},
  author={Rimon, Elon and Blake, Andrew},
  booktitle={Robotics and Automation, 1996. Proceedings., 1996 IEEE International Conference on},
  volume={2},
  pages={1458--1464},
  year={1996},
  organization={IEEE}
}


@inproceedings{makita20083d,
  title={3D multifingered caging: Basic formulation and planning},
  author={Makita, Satoshi and Maeda, Yusuke},
  booktitle={2008 IEEE/RSJ International Conference on Intelligent Robots and Systems},
  pages={2697--2702},
  year={2008},
  organization={IEEE}
}

@article{vahedi2008caging,
  title={Caging polygons with two and three fingers},
  author={Vahedi, Mostafa and van der Stappen, A Frank},
  journal={The International Journal of Robotics Research},
  volume={27},
  number={11-12},
  pages={1308--1324},
  year={2008},
  publisher={SAGE Publications}
}

@inproceedings{erickson2003capturing,
  title={Capturing a convex object with three discs},
  author={Erickson, Jeff and Thite, Shripad and Rothganger, Fred and Ponce, Jean},
  booktitle={Robotics and Automation, 2003. Proceedings. ICRA'03. IEEE International Conference on},
  volume={2},
  pages={2242--2247},
  year={2003},
  organization={IEEE}
}

@inproceedings{kotay1998self,
  title={The self-reconfiguring robotic molecule: Design and control algorithms},
  author={Kotay, Keith and Rus, Daniela and Vona, Marsette and McGray, Craig},
  booktitle={Workshop on Algorithmic Foundations of Robotics},
  pages={376--386},
  year={1998},
  organization={Citeseer}
}

@article{rus2001crystalline,
  title={Crystalline robots: Self-reconfiguration with compressible unit modules},
  author={Rus, Daniela and Vona, Marsette},
  journal={Autonomous Robots},
  volume={10},
  number={1},
  pages={107--124},
  year={2001},
  publisher={Springer}
}

@inproceedings{becker2013massive,
  title={Massive uniform manipulation: Controlling large populations of simple robots with a common input signal},
  author={Becker, Aaron and Habibi, Golnaz and Werfel, Justin and Rubenstein, Michael and McLurkin, James},
  booktitle={2013 IEEE/RSJ International Conference on Intelligent Robots and Systems},
  pages={520--527},
  year={2013},
  organization={IEEE}
}

@inproceedings{rubenstein2013collective,
  title={Collective transport of complex objects by simple robots: theory and experiments},
  author={Rubenstein, Michael and Cabrera, Adrian and Werfel, Justin and Habibi, Golnaz and McLurkin, James and Nagpal, Radhika},
  booktitle={Proceedings of the 2013 international conference on Autonomous agents and multi-agent systems},
  pages={47--54},
  year={2013},
  organization={International Foundation for Autonomous Agents and Multiagent Systems}
}


@book{campbell1994basic,
  title={Basic fixture design},
  author={Campbell, Paul DQ},
  year={1994},
  publisher={Industrial Press Inc.}
}


@inproceedings{czyzowicz1991immobilizing,
  title={Immobilizing a polytope},
  author={Czyzowicz, Jurek and Stojmenovic, Ivan and Urrutia, Jorge},
  booktitle={Workshop on Algorithms and Data Structures},
  pages={214--227},
  year={1991},
  organization={Springer}
}

@article{czyzowicz1999immobilizing,
  title={Immobilizing a shape},
  author={Czyzowicz, Jurek and Stojmenovic, Ivan and Urrutia, Jorge},
  journal={International Journal of Computational Geometry \& Applications},
  volume={9},
  number={02},
  pages={181--206},
  year={1999},
  publisher={World Scientific}
}

@article{rimon1998mobility_i,
  title={Mobility of bodies in contact. I. A 2nd-order mobility index for multiple-finger grasps},
  author={Rimon, Elon and Burdick, Joel W},
  journal={IEEE transactions on Robotics and Automation},
  volume={14},
  number={5},
  pages={696--708},
  year={1998},
  publisher={IEEE}
}

@article{rimon1998mobility_ii,
  title={Mobility of bodies in contact. II. How forces are generated by curvature effects},
  author={Rimon, Elon and Burdick, Joel W},
  journal={IEEE Transactions on Robotics and Automation},
  volume={14},
  number={5},
  pages={709--717},
  year={1998},
  publisher={IEEE}
}

@article{cheong2006computing,
  title={Computing all immobilizing grasps of a simple polygon with few contacts},
  author={Cheong, Jae-Sook and Haverkort, Herman J and van der Stappen, A Frank},
  journal={Algorithmica},
  volume={44},
  number={2},
  pages={117--136},
  year={2006},
  publisher={Springer}
}


@article{arbuckle2010self,
  title={Self-assembly and self-repair of arbitrary shapes by a swarm of reactive robots: algorithms and simulations},
  author={Arbuckle, DJ and Requicha, Aristides AG},
  journal={Autonomous Robots},
  volume={28},
  number={2},
  pages={197--211},
  year={2010},
  publisher={Springer}
}


@book{mason2001mechanics,
  title={Mechanics of robotic manipulation},
  author={Mason, Matthew T},
  year={2001},
  publisher={MIT press}
}

@article{cheong2007immobilizing,
  title={Immobilizing hinged polygons},
  author={Cheong, Jae-Sook and Van Der Stappen, A Frank and Goldberg, Ken and Overmars, Mark H and Rimon, Elon},
  journal={International Journal of Computational Geometry \& Applications},
  volume={17},
  number={01},
  pages={45--69},
  year={2007},
  publisher={World Scientific}
}

@article{steiner1826einige,
  title={Einige Gesetze {\"u}ber die Theilung der Ebene und des Raumes.},
  author={Steiner, Jacob},
  journal={Journal f{\"u}r die reine und angewandte Mathematik},
  volume={1},
  pages={349--364},
  year={1826}
}

@incollection{beyeler2015graph,
  title={A Graph-Based Approach for Discovery of Stable Deconstruction Sequences},
  author={Beyeler, Lukas and Bazin, Jean-Charles and Whiting, Emily},
  booktitle={Advances in Architectural Geometry 2014},
  pages={145--157},
  year={2015},
  publisher={Springer}
}

@article{loomis2005computation,
  title={$\{$Computation reuse in stacking and unstacking$\}$},
  author={Loomis, Anne},
  year={2005}
}

@article{songcofifab,
  title={CofiFab: coarse-to-fine fabrication of large 3D objects},
  author={Song, Peng and Deng, Bailin and Wang, Ziqi and Dong, Zhichao and Li, Wei and Fu, Chi-Wing and Liu, Ligang},
  journal={ACM Transactions on Graphics (TOG)},
  volume={35},
  number={4},
  pages={45},
  year={2016},
  publisher={ACM}
}

@inproceedings{zhang2016assembly,
  title={Interlocking Structure Assembly with Voxels},
  author={Zhang, Yinan and Balkcom, Devin},
  booktitle={Intelligent Robots and Systems (IROS), 2016 IEEE/RSJ International Conference on},
  pages={},
  year={2016},
  organization={IEEE}
}

@article{hu2014approximate,
  title={Approximate pyramidal shape decomposition.},
  author={Hu, Ruizhen and Li, Honghua and Zhang, Hao and Cohen-Or, Daniel},
  journal={ACM Trans. Graph.},
  volume={33},
  number={6},
  pages={213--1},
  year={2014},
  publisher={Citeseer}
}

@article{fu2015computational,
  title={Computational interlocking furniture assembly},
  author={Fu, Chi-Wing and Song, Peng and Yan, Xiaoqi and Yang, Lee Wei and Jayaraman, Pradeep Kumar and Cohen-Or, Daniel},
  journal={ACM Transactions on Graphics (TOG)},
  volume={34},
  number={4},
  pages={91},
  year={2015},
  publisher={ACM}
}

@article {song2015interlock,
title = {Printing 3D Objects with Interlocking Parts},
author = {Peng Song and Zhongqi Fu and Ligang Liu and Chi-Wing Fu},
journal = {Computer Aided Geometric design (Proc. of GMP 2015)},
volume = {35-36},
pages = {137-148},
year = {2015},
}

@article{chvatal1979greedy,
  title={A greedy heuristic for the set-covering problem},
  author={Chvatal, Vasek},
  journal={Mathematics of operations research},
  volume={4},
  number={3},
  pages={233--235},
  year={1979},
  publisher={INFORMS}
}

@article{zhang2016assembling,
  title={Assembling and disassembling planar structures with divisible and atomic components},
  author={Zhang, Yinan and Whiting, Emily and Balkcom, Devin},
  journal={The International Workshop on the Algorithmic Foundations of Robotics},
  year={2016}
}

@article{song2017reconfigurable,
  title={Reconfigurable interlocking furniture},
  author={Song, Peng and Fu, Chi-Wing and Jin, Yueming and Xu, Hongfei and Liu, Ligang and Heng, Pheng-Ann and Cohen-Or, Daniel},
  journal={ACM Transactions on Graphics (TOG)},
  volume={36},
  number={6},
  pages={174},
  year={2017},
  publisher={ACM}
}

@article{song2012recursive,
    author  = {Peng Song and Chi-Wing Fu and Daniel Cohen-Or},
    title   = {Recursive Interlocking Puzzles},
    journal = {ACM Transactions on Graphics (SIGGRAPH Asia 2012)},
    month   = {December},
    year    = {2012},
    volume  = {31},
    number  = {6},
    pages   = {128:1--128:10},
}

@inproceedings{jain2012exploring,
  title={Exploring Shape Variations by 3D-Model Decomposition and Part-based Recombination},
  author={Jain, Arjun and Thorm{\"a}hlen, Thorsten and Ritschel, Tobias and Seidel, Hans-Peter},
  booktitle={Computer Graphics Forum},
  volume={31},
  number={2pt3},
  pages={631--640},
  year={2012},
  organization={Wiley Online Library}
}

@inproceedings{schweikardt2006roblocks,
  title={roBlocks: a robotic construction kit for mathematics and science education},
  author={Schweikardt, Eric and Gross, Mark D},
  booktitle={Proceedings of the 8th international conference on Multimodal interfaces},
  pages={72--75},
  year={2006},
  organization={ACM}
}

@incollection{andres1994first,
  title={First results of the development of the masonry robot system ROCCO: a fault tolerant assembly tool},
  author={Andres, J{\"u}rgen and Bock, Thomas and Gebhart, Friedrich and Steck, Werner},
  booktitle={Automation and Robotics in Construction XI},
  pages={87--93},
  year={1994},
  publisher={Elsevier}
}

@inproceedings{balaguer1996site,
  title={Site assembly in construction industry by means of a large range advanced robot},
  author={Balaguer, C and Gambao, E and Barrientos, A and Puente, EA and Aracil, R},
  booktitle={Proc. 13th Int. Symp. Automat. Robotics in Construction (ISARC'96)},
  pages={65--72},
  year={1996}
}


@inproceedings{helm2012mobile,
  title={Mobile robotic fabrication on construction sites: DimRob},
  author={Helm, Volker and Ercan, Selen and Gramazio, Fabio and Kohler, Matthias},
  booktitle={Intelligent Robots and Systems (IROS), 2012 IEEE/RSJ International Conference on},
  pages={4335--4341},
  year={2012},
  organization={IEEE}
}

@article{willmann2012aerial,
  title={Aerial robotic construction towards a new field of architectural research},
  author={Willmann, Jan and Augugliaro, Federico and Cadalbert, Thomas and D'Andrea, Raffaello and Gramazio, Fabio and Kohler, Matthias},
  journal={International journal of architectural computing},
  volume={10},
  number={3},
  pages={439-459},
  year={2012},
  publisher={SAGE Publications Sage UK: London, England}
}

@inproceedings{augugliaro2013building,
  title={Building tensile structures with flying machines},
  author={Augugliaro, Federico and Mirjan, Ammar and Gramazio, Fabio and Kohler, Matthias and D'Andrea, Raffaello},
  booktitle={Intelligent Robots and Systems (IROS), 2013 IEEE/RSJ International Conference on},
  pages={3487--3492},
  year={2013},
  organization={IEEE}
}

@article{augugliaro2014flight,
  title={The flight assembled architecture installation: Cooperative construction with flying machines},
  author={Augugliaro, Frederico and Lupashin, Sergei and Hamer, Michael and Male, Cason and Hehn, Markus and Mueller, Mark W and Willmann, Jan Sebastian and Gramazio, Fabio and Kohler, Matthias and D'Andrea, Raffaello},
  journal={IEEE Control Systems},
  volume={34},
  number={4},
  pages={46--64},
  year={2014},
  publisher={IEEE}
}

@inproceedings{white2005three,
  title={Three Dimensional Stochastic Reconfiguration of Modular Robots.},
  author={White, Paul and Zykov, Viktor and Bongard, Josh C and Lipson, Hod},
  booktitle={Robotics: Science and Systems},
  pages={161--168},
  year={2005},
  organization={Cambridge}
}

@article{wei2011sambot,
  title={Sambot: A self-assembly modular robot system},
  author={Wei, Hongxing and Chen, Youdong and Tan, Jindong and Wang, Tianmiao},
  journal={IEEE/ASME Transactions on Mechatronics},
  volume={16},
  number={4},
  pages={745--757},
  year={2011},
  publisher={IEEE}
}

@article{lindsey2011construction,
  title={Construction of cubic structures with quadrotor teams},
  author={Lindsey, Quentin and Mellinger, Daniel and Kumar, Vijay},
  journal={Proc. Robotics: Science \& Systems VII},
  year={2011}
}

@article{giftthaler2017mobile,
  title={Mobile robotic fabrication at 1: 1 scale: the In situ Fabricator},
  author={Giftthaler, Markus and Sandy, Timothy and D{\"o}rfler, Kathrin and Brooks, Ian and Buckingham, Mark and Rey, Gonzalo and Kohler, Matthias and Gramazio, Fabio and Buchli, Jonas},
  journal={Construction Robotics},
  volume={1},
  number={1-4},
  pages={3-14},
  year={2017},
  publisher={Springer}
}

@inproceedings{winsun3dprint,
  title={Yes, that 3D-printed mansion is safe to live in},
  author={Tuan C. Nguyen},
  journal={Washington Post},
  year={5 February, 2015},
  publisher={Washington Post},
  note="\url{https://www.washingtonpost.com/news/innovations/wp/2015/02/05/yes-that-3d-printed-mansion-is-safe-to-live-in}"
}

@article{keating2017toward,
  title={Toward site-specific and self-sufficient robotic fabrication on architectural scales},
  author={Keating, Steven J and Leland, Julian C and Cai, Levi and Oxman, Neri},
  journal={Science Robotics},
  volume={2},
  number={5},
  pages={eaam8986},
  year={2017},
  publisher={Science Robotics}
}

@inproceedings{romanishin2013m,
  title={M-blocks: Momentum-driven, magnetic modular robots},
  author={Romanishin, John W and Gilpin, Kyle and Rus, Daniela},
  booktitle={Intelligent Robots and Systems (IROS), 2013 IEEE/RSJ International Conference on},
  pages={4288--4295},
  year={2013},
  organization={IEEE}
}

@online{youtube1,
        title = {One-layer structure robotic assembly experiment with two kinds of blocks. (2.5x speed)},
        date = {2018},
        organization = {Youtube},
        author = {Zhang, Yinan},
        url = {https://youtu.be/1_lbVyPcLOI},
        note="\url{https://youtu.be/1_lbVyPcLOI}"
    }

@online{youtube2,
        title = {Robotic Assembly of Interlocking Blocks - WAFR 2018},
        date = {2018},
        organization = {Youtube},
        author = {Zhang, Yinan},
        url = {https://youtu.be/lV2xIA_Q8SI},
        note="\url{https://youtu.be/lV2xIA_Q8SI}"
    }
    
@online{youtube3,
        title = {Two-layer structure robotic assembly experiment with two kinds of blocks. (2.5x speed)},
        date = {2018},
        organization = {Youtube},
        author = {Zhang, Yinan},
        url = {https://youtu.be/ZjFFZzrl69s},
        note="\url{https://youtu.be/ZjFFZzrl69s}"
    }
    
@article{Wang-2018-DESIA,
author  =    {Ziqi Wang and Peng Song and Mark Pauly},
title   =    {{DESIA}: A General Framework for Designing Interlocking Assemblies},
journal =    {ACM Transactions on Graphics (SIGGRAPH Asia)},
year    =    {2018},
volume  =    {37},
number  =    {6},
note    =    {Article No. 191}
}

@incollection{tosun2018computer,
  title={Computer-aided compositional design and verification for modular robots},
  author={Tosun, Tarik and Jing, Gangyuan and Kress-Gazit, Hadas and Yim, Mark},
  booktitle={Robotics Research},
  pages={237--252},
  year={2018},
  publisher={Springer}
}

@article{daudelin2017integrated,
  title={An integrated system for perception-driven autonomy with modular robots},
  author={Daudelin, Jonathan and Jing, Gangyuan and Tosun, Tarik and Yim, Mark and Kress-Gazit, Hadas and Campbell, Mark},
  journal={arXiv preprint arXiv:1709.05435},
  year={2017}
}



@inproceedings{Lensgraf20,
  title={PuzzleFlex: kinematic motion of chains with loose joints},
  author={Samuel Lensgraf and
         Karim Itani and
         Yinan Zhang and
         Zezhou Sun and
         Yijia Wu and
         Alberto Quattrini Li and
         Bo Zhu and
         Emily Whiting and
         Weifu Wang and
         Devin Balkcom},
  booktitle={IEEE International Conference on Robotics and Automation (ICRA)},
  year={2020},
  organization={IEEE}
}

@Inbook{Rodriguez2010,
author="Rodriguez, Alberto
and Mason, Matthew T.",
editor="Chirikjian, Gregory S.
and Choset, Howie
and Morales, Marco
and Murphey, Todd",
title="Two Finger Caging: Squeezing and Stretching",
bookTitle="Algorithmic Foundation of Robotics VIII: Selected Contributions of the Eight International Workshop on the Algorithmic Foundations of Robotics",
year="2010",
publisher="Springer Berlin Heidelberg",
address="Berlin, Heidelberg",
pages="119--133",
abstract="This paper studies the problem of placing two point fingers to cage a mobile rigid body in a Euclidean space of arbitrary dimension. (To cage an object is to arrange obstacles so that all motions of the mobile body are bounded). This paper shows that if a compact connected contractible object is caged by two points, then it is either stretching caged or squeezing caged or both, where stretching caged means the body is trapped even if the point fingers are given the freedom of moving apart, and squeezing caged means the the body is trapped even if the fingers are given the freedom of moving closer. This result generalizes a previous result by Vahedi and van der Stappen [18] which applied to two points trapping a polygon in the plane. Our use of a topological approach led to the generalization, and may lead to further generalizations and insights.",
isbn="978-3-642-00312-7",
doi="10.1007/978-3-642-00312-7_8",
url="https://doi.org/10.1007/978-3-642-00312-7_8"
}

@INPROCEEDINGS{RimonBlack96,
author={E. {Rimon} and A. {Blake}},
booktitle={Proceedings of IEEE International Conference on Robotics and Automation},
title={Caging 2D bodies by 1-parameter two-fingered gripping systems},
year={1996},
volume={2},
number={},
pages={1458-1464 vol.2},
keywords={set theory;topology;manipulator kinematics;1-parameter two-fingered gripping systems;caging problem;multi-fingered hand;configuration-space representation;free motions;stratified Morse theory;frictionless equilibrium grasp;Fingers;Robots;Couplings;Mechanical engineering;Artificial intelligence;Manipulators;Cameras;Focusing},
doi={10.1109/ROBOT.1996.506911},
ISSN={1050-4729},
month={April},}

@MISC{coumans2019,
author =   {Erwin Coumans and Yunfei Bai},
title =    {PyBullet, a Python module for physics simulation for games, robotics and machine learning},
howpublished = {\url{http://pybullet.org}},
year = {2016--2019}
}